
@article{spencer2016stereotype,
  title={Stereotype threat},
  author={Spencer, Steven J and Logel, Christine and Davies, Paul G},
  journal={Annual review of psychology},
  volume={67},
  pages={415--437},
  year={2016},
  doi={10.1111/j.1559-1816.2008.00362.x},
  publisher={Annual Reviews}
}

@article{tanenhaus_integration_1995,
	title = {Integration of {Visual} and {Linguistic} {Information} in {Spoken} {Language} {Comprehension}},
	volume = {268},
	issn = {0036-8075, 1095-9203},
	url = {https://www.science.org/doi/10.1126/science.7777863},
	doi = {10.1126/science.7777863},
	language = {en},
	number = {5217},
	urldate = {2024-08-11},
	journal = {Science},
	author = {Tanenhaus, Michael K. and Spivey-Knowlton, Michael J. and Eberhard, Kathleen M. and Sedivy, Julie C.},
	month = jun,
	year = {1995},
	pages = {1632--1634},
}


@article{altmann_incremental_1999,
	title = {Incremental interpretation at verbs: restricting the domain of subsequent reference},
	volume = {73},
	issn = {0010-0277},
	shorttitle = {Incremental interpretation at verbs},
	url = {https://www.sciencedirect.com/science/article/pii/S0010027799000591},
	doi = {10.1016/S0010-0277(99)00059-1},
	number = {3},
	urldate = {2024-08-11},
	journal = {Cognition},
	author = {Altmann, Gerry T. M and Kamide, Yuki},
	month = dec,
	year = {1999},
	keywords = {Eye movements, Parsing, Thematic roles},
	pages = {247--264},
}

@article{cooper_control_1974,
	title = {The control of eye fixation by the meaning of spoken language: {A} new methodology for the real-time investigation of speech perception, memory, and language processing},
	volume = {6},
	issn = {0010-0285},
	shorttitle = {The control of eye fixation by the meaning of spoken language},
	url = {https://www.sciencedirect.com/science/article/pii/001002857490005X},
	doi = {10.1016/0010-0285(74)90005-X},
	number = {1},
	urldate = {2024-08-11},
	journal = {Cognitive Psychology},
	author = {Cooper, Roger M.},
	month = jan,
	year = {1974},
	pages = {84--107},
}

@incollection{schmid_eye-tracking_2016,
	address = {Cham},
	title = {Eye-{Tracking} and the {Visual} {World} {Paradigm}},
	isbn = {978-3-319-11528-3 978-3-319-11529-0},
	url = {https://link.springer.com/10.1007/978-3-319-11529-0_5},
	language = {en},
	urldate = {2024-08-14},
	booktitle = {Designing {Research} on {Bilingual} {Development}},
	publisher = {Springer International Publishing},
	author = {Berends, Sanne M. and Brouwer, Susanne M. and Sprenger, Simone A.},
	collaborator = {Schmid, Monika S. and Berends, Sanne M. and Bergmann, Christopher and Brouwer, Susanne M. and Meulman, Nienke and Seton, Bregtje J. and Sprenger, Simone A. and Stowe, Laurie A.},
	year = {2016},
	doi = {10.1007/978-3-319-11529-0_5},
	note = {Series Title: SpringerBriefs in Linguistics},
	pages = {55--80},
}

@article{huettig_using_2011,
	series = {Visual search and visual world: {Interactions} among visual attention, language, and working memory},
	title = {Using the visual world paradigm to study language processing: {A} review and critical evaluation},
	volume = {137},
	issn = {0001-6918},
	shorttitle = {Using the visual world paradigm to study language processing},
	url = {https://www.sciencedirect.com/science/article/pii/S0001691810002180},
	doi = {10.1016/j.actpsy.2010.11.003},
	number = {2},
	urldate = {2024-08-14},
	journal = {Acta Psychologica},
	author = {Huettig, Falk and Rommers, Joost and Meyer, Antje S.},
	month = jun,
	year = {2011},
	keywords = {Attention, Eye movements, Language, Vision, Visual world paradigm},
	pages = {151--171},
}

@article{altmann_thematic_1999,
	title = {Thematic {Role} {Assignment} in {Context}},
	volume = {41},
	issn = {0749-596X},
	url = {https://www.sciencedirect.com/science/article/pii/S0749596X99926402},
	doi = {10.1006/jmla.1999.2640},
	number = {1},
	urldate = {2024-08-20},
	journal = {Journal of Memory and Language},
	author = {Altmann, Gerry T. M.},
	month = jul,
	year = {1999},
	keywords = {context, parsing, thematic roles},
	pages = {124--145},
}

@article{elgort_cross-language_2023,
	title = {Cross-language {Influences} in {Bilingual} {Processing} and {Second} {Language} {Acquisition}},
	url = {https://www.torrossa.com/en/resources/an/5495950},
	doi = {10.1075/bpa.16},
	abstract = {Purchase online the PDF of Cross-language Influences in Bilingual Processing and Second Language Acquisition, Elgort, Irina,Brysbaert, Marc,Siyanova-Chanturia, Anna - John Benjamins Publishing Company - E-book},
	language = {en},
	urldate = {2024-08-22},
	author = {Elgort, Irina and Brysbaert, Marc and Siyanova-Chanturia, Anna},
	year = {2023},
	note = {Publisher: John Benjamins Publishing Company},
	pages = {1--327},
}

@article{abrams_motion_2003,
	title = {Motion {Onset} {Captures} {Attention}},
	volume = {14},
	issn = {0956-7976},
	url = {https://doi.org/10.1111/1467-9280.01458},
	doi = {10.1111/1467-9280.01458},
	language = {en},
	number = {5},
	urldate = {2024-08-23},
	journal = {Psychol Sci},
	author = {Abrams, Richard A. and Christ, Shawn E.},
	month = sep,
	year = {2003},
	note = {Publisher: SAGE Publications Inc},
	pages = {427--432},
}